@BOOK{Agres1996a,
        author    = "Alan Agresti",
        title     = "An Introduction to Categorical Data Analysis",
        publisher = "John Wiley and Sons",
        year      = 1996,
}

@BOOK{Allis1995a,
        author    = "Paul D. Allison",
        title     = "survival Analysis Using SAS: A Practical Guide",
        publisher = "SAS Institute",
        year      = 1995,
}

@BOOK{Aster2004a,
        author    = "Rick Aster",
        title     = "Professional SAS Programmer's Pocket Reference",
        publisher = "Breakfast Communications Corporation",
        year      = 2004,
        edition   = 5,
}

@ARTICLE{Azzal1985a,
	author  = "A. Azzalini",
	title   = "A Class of Distributions Which Includes the Normal Ones",
	Journal = "Scandinavian Journal of Statistics",
	pages   = "171--178",
	volume  = 12,
	year    = 1985,
}

@ARTICLE{Azzal1996a,
	author  = "A. Azzalini and A. Dalla Valle",
	title   = "The Multi-variate Skew-Normal Distribution",
	Journal = "Biometrika",
	pages   = "715--726",
	volume  = 83,
	number  = 4,
	year    = 1996,
}

@ARTICLE{Azzal2005a,
	author  = "Adelchi Azzalini",
	title   = "The Skew-normal Distribution and Related Multivariate Families",
	journal = "Scandinavian Journal of Statistics",
	pages   = "159--188",
	volume  = 32,
	year    = 2005,
}

@ARTICLE{Broff1977a,
	author  = "James D. Broffitt and Ronald H. Randles",
	title   = "A Power Approximation for the Chi-Square Goodness-of-Fit Test: Simple Hypothesis Case",
	Journal = "Journal of the American Statistical Association",
	pages   = "605--607",
	volume  = 72,
	year    = 1977,
}

@MISC{Bruneta,
        author  = "John Brunette",
        title   = "A Binomial Expansion Theorem with the Binomial Theorem
                   as a Corrolary",
        howpublished = "Lecture Notes",
        note    = "University of Southern Maine",
}

@MISC{Brunetb,
        author  = "John Brunette",
        title   = "Chebychev's Theorem for Absolute Deviation",
        howpublished = "Lecture Notes",
        note    = "University of Southern Maine",
}
        

@ARTICLE{Cochr1952a,
	author  = "William G. Cochran",
	title   = "The Chi-Square Test of Goodness of Fit",
	Journal = "The Annals of Mathematical Statistics",
	pages   = "315--345",
	volume  = 23,
	number  = 3
	year    = 1952,
}


@ARTICLE{Cochr1954a,
	author  = "William G. Cochran",
	title   = "Some Methods for Strengthening the Common Chi-Square Tests",
	Journal = "Biometrics",
	pages   = "417--451",
	volume  = 10,
	number  = 4
	year    = 1954,
}

@BOOK{Cody2006a,
        author    = "Ronald P. Cody and Jeffery K. Smith",
        title     = "Applied Statistics and the SAS Programming Language",
        publisher = "Pearson Prentice Hall",
        year      = 2006,
        edition   = 5,
}

@BOOK{Dalga2002a,
        author    = "Peter Dalgaard",
        title     = "Introductory Statistics with R",
        publisher = "Springer",
        year      = 2002,
}

@BOOK{Danie1990a,
        author    = "Wayne W. Daniel",
        title     = "Applied Nonparametric Statistics",
        publisher = "Duxbury",
        year      = 1990,
        edition   = 2,
}

@BOOK{Danie2005a,
        author    = "Wayne W. Daniel",
        title     = "Biostatistics",
        edition   = "Eighth",
        publisher = "John Wiley and Sons",
        year      = 2005,
}

@BOOK{Delwi2003a,
        author    = "Lora D. Delwiche and Susan J. Slaughter",
        title     = "The Little SAS Book: A Primer",
        publisher = "SAS Institute",
        year      = 2003,
        edition   = 3,
}

@BOOK{Freun2000a,
        author    = "Rudolf J. Freund and Ramon C . Littell",
        title     = "SAS System for Regression",
        publisher = "SAS Institute",
        year      = 2000,
        edition   = 3,
}

@BOOK{Gordi2004a,
        author    = "Leon Gordis",
        title     = "Epidemiology",
        edition   = "Third",
        publisher = "Elsevier Saunders",
        year      = 2004,
}

@ARTICLE{Groen1984a,
	author  = "Richard A Groeneveld and Glen Meeden",
	title   = "Measuring Skewness and Kurtosis",
	journal = "The Statistician",
	pages   = "391--398",
	volume  = 33,
	year    = 1984,
}

@ARTICLE{Gupta2001a,
	author  = "Arjun K. Gupta and Tuhao Chen",
	title   = "Goodness-of-Fit Tests for the Skew-Normal Distribution",
	journal = "Communications in Statistics: Simulation and Computation",
	pages   = "907--930",
	volume  = 30,
	number  = 4
	year    = 2001,
}

@BOOK{Hogg2005a,
        author    = "Robert V. Hogg and Joseph W. McKean and Allen T. Craig",
        title     = "Introduction to Mathematical Statistics",
        publisher = "Pearson",
        year      = 2005,
        edition   = 6,
}

@BOOK{Hosme1999a,
        author    = "David W. Hosmer, Jr. and Stanley Lemeshow",
        title     = "Applied Survival Analysis",
        publisher = "John Wiley and Sons",
        year      = 1999,
}

@ARTICLE{Johns1979a,
	author  = "Mark E. Johnson and Victor W. Lowe, Jr.",
	title   = "Bounds on the Sample Skewness and Kurtosis",
	journal = "Technometrics",
	pages   = "377--378",
	volume  = 21,
	number  = 3,
	year    = 1979,
}

@ARTICLE{Kalle1985a,
	author  = "W. C. M. Kallenberg and J. Oosterhoff, and B. F. Schriever",
	title   = "The Number of Classes in Chi-Squared Goodness-of-Fit Tests",
	Journal = "Journal of the American Statistical Association",
	pages   = "959--968",
	volume  = 80,
	number  = 392,
	year    = 1985,
}

@TECHREPORT{Kim2003a,
	author      = "Tae-Hwan Kim and Halbert White",
	title       = "On More Robust Estimation of Skewness and Kurtosis: Simulation and Application to the S&P500 Index",
	institution = "University of California, San Diego",
	year    = 2003,
}

@BOOK{Klein2005a,
        author    = "David G. Kleinbaum and Mitchel Klein",
        title     = "Survival Analysis: A Self Learning Text",
        publisher = "Springer",
        year      = 2005,
        edition   = 2,
}

@BOOK{Kutne2004a,
        author    = "Michael H. Kutner and Christopher J. Nachtsheim and John Neter",
        title     = "Applied Linear Regression Models",
        publisher = "McGraw-Hill",
        year      = 2004,
        edition   = 4,
}

@BOOK{Law2000a,
        author    = "Averill M. Law and W. David Kelton",
        title     = "Simulation Modeling and Analysis",
        publisher = "McGraw-Hill",
        year      = 2000,
        edition   = 3,
}

@ARTICLE{Liseo2004a,
	author  = "Default Bayesian Analysis of the Skew-Normal Distribution",
	title   = "Brunero Liseo and Nicola Loperfido",
	journal = "Journal of Statistical Planning and Inference",
	year    = 2004,
}

@BOOK{Litte2006a,
        author    = "Ramon C. Littel and George A Milliken and Walter W. Stroup and Russell D. Wolfinger and Oliver Schabenberger",
        title     = "SAS for Mixed Models",
        edition   = "Second",
        publisher = "SAS Institute",
        year      = 2006,
}

@ARTICLE{Mann1942a,
	author  = "H. B. Mann and A. Wald",
	title   = "On the Choice of the Number of Class Intervals in the Application of the Chi-Square Test",
	Journal = "The Annals of Mathematical Statistics",
	pages   = "306--317",
	volume  = 13,
        number  = 3,
	year    = 1942,
}

@ARTICLE{Mantel1963a,
        author  = "Nathan Mantel",
        title   = "Chi-Square Tests with One Degree of Freedom; 
                   Extensions of the Mantel- Haenszel Procedure",
        Journal = "Journal of the American Statistical Association",
        pages   = "690 - 700",
        volume  = 58,
        number  = 303,
        year    = 1963,
}

@ARTICLE{Masse1951a,
	author  = "Frank J. Massey, Jr.",
	title   = "The Kolmogorov-Smirnov Test for Goodness of Fit",
	Journal = "Journal of the American Statistical Association",
	pages   = "68--78",
	volume  = 46,
	number  = 253
	year    = 1951,
}

@MISC{McDonaa,
        author  = "Stephen McDonald",
        title   = "An Axiomatic Approach to the Real Number System",
        howpublished = "Lecture Notes",
        note    = "University of Southern Maine",
}

@BOOK{Montg2004a,
        author    = "Douglas C. Montgomery",
        title     = "Design and Analysis of Experiments",
        publisher = "John Wiley and Sons",
        year      = 2004,
        edition   = 5,
}

@BOOK{Montg2005a,
	author    = "Douglas C. Montgomery",
        title     = "Statistical Quality Control",
        publisher = "John Wiley and Sons",
        year      = 2005,
        edition   = 5,
}

@BOOK{Murre2006a,
        author    = "Paul Murrel",
        title     = "R Graphics",
        publisher = "Chapman & Hall",
        year      = 2006,
}

@ARTICLE{Pears1922a,
	author  = "Karl Pearson",
	title   = "On the Chi-Square Test of Goodness-of-Fit",
	journal = "Biometrika",
	pages   = "186--191",
	volume  = 14,
	year    = 1922,
}

@BOOK{Pinhe2004a,
        author    = "Jose C. Pinheiro and Doublas M. Bates",
        title     = "Mixed Effects Models in S and S-Plus",
        publisher = "springer",
        year      = 2004,
}

@BOOK{Searl1971a,
        author    = "S. R. Searle",
        title     = "Linear Models",
        publisher = "Wiley",
        year      = 1971,
}

@ARTICLE{Simon1955a,
	author  = "Herbert A. Simon",
	title   = "On a Class of Skew Distribution Functions",
	Journal = "Biometrika",
	pages   = "425--440",
	volume  = 42,
	year    = 1955,
}

@ARTICLE{Slakt1968a,
	author  = "Malcolm J. Slakter",
	title   = "Accuracy of an Approximation to the Power of the Chi-Square Goodness of Fit Test with Small but Equal Expected Frequencies",
	Journal = "Journal of the American Statistical Association",
	pages   = "912--918",
	volume  = 63,
	number  = 363,
	year    = 1968,
}

@BOOK{Stoke2000a,
        author    = "Maura E. Stokes and Charles S. Davis and Gary G. Koch",
        title     = "Categorical Data Analysis Using the SAS System",
        publisher = "SAS Institute",
        year      = 2000,
        edition   = 2,
}

@BOOK{Table2004a,
        author    = "Mara Tableman and Jong Sung Kim",
        title     = "Survival Analysis Using S",
        publisher = "Chapman and Hall",
        year      = 2004,
}

@BOOK{Wacke2002a,
        author    = "Dennis D. Wackerly and William Mendenhall III and Richard L. Scheaffer",
        title     = "Mathematical Statistics with Applications",
        publisher = "Duxbury",
        year      = 2002,
        edition   = 6,
}

@ARTICLE{Willi1950a,
	author  = "C. Arthur Williams",
	title   = "On the choice of the Number and Width of Classes for the Chi-Square Test of Goodness of Fit",
	Journal = "Journal of the American Statistical Association",
	pages   = "77--86",
	volume  = 45,
	number  = 249,
	year    = 1950,
}